%YAML 1.1
%TAG !u! tag:unity3d.com,2011:
--- !u!1001 &100100000
Prefab:
  m_ObjectHideFlags: 1
  serializedVersion: 2
  m_Modification:
    m_TransformParent: {fileID: 0}
    m_Modifications: []
    m_RemovedComponents: []
  m_ParentPrefab: {fileID: 0}
  m_RootGameObject: {fileID: 1805276864909296}
  m_IsPrefabParent: 1
--- !u!1 &1367323282095834
GameObject:
  m_ObjectHideFlags: 0
  m_PrefabParentObject: {fileID: 0}
  m_PrefabInternal: {fileID: 100100000}
  serializedVersion: 5
  m_Component:
  - component: {fileID: 4550924081070778}
  - component: {fileID: 114454089276090304}
  m_Layer: 9
  m_Name: MMD VDW (CPK)
  m_TagString: Untagged
  m_Icon: {fileID: 0}
  m_NavMeshLayer: 0
  m_StaticEditorFlags: 0
  m_IsActive: 1
--- !u!1 &1374180926137168
GameObject:
  m_ObjectHideFlags: 0
  m_PrefabParentObject: {fileID: 0}
  m_PrefabInternal: {fileID: 100100000}
  serializedVersion: 5
  m_Component:
  - component: {fileID: 4128835826023218}
  - component: {fileID: 114331797449094220}
  m_Layer: 9
  m_Name: MMD Bonds (CPK)
  m_TagString: Untagged
  m_Icon: {fileID: 0}
  m_NavMeshLayer: 0
  m_StaticEditorFlags: 0
  m_IsActive: 1
--- !u!1 &1805276864909296
GameObject:
  m_ObjectHideFlags: 0
  m_PrefabParentObject: {fileID: 0}
  m_PrefabInternal: {fileID: 100100000}
  serializedVersion: 5
  m_Component:
  - component: {fileID: 4774851583283004}
  - component: {fileID: 114915843660765932}
  - component: {fileID: 114045564563648654}
  m_Layer: 9
  m_Name: MMD CPK
  m_TagString: Untagged
  m_Icon: {fileID: 0}
  m_NavMeshLayer: 0
  m_StaticEditorFlags: 0
  m_IsActive: 1
--- !u!4 &4128835826023218
Transform:
  m_ObjectHideFlags: 1
  m_PrefabParentObject: {fileID: 0}
  m_PrefabInternal: {fileID: 100100000}
  m_GameObject: {fileID: 1374180926137168}
  m_LocalRotation: {x: -0, y: -0, z: -0, w: 1}
  m_LocalPosition: {x: 0, y: 0, z: 0}
  m_LocalScale: {x: 1, y: 1, z: 1}
  m_Children: []
  m_Father: {fileID: 4774851583283004}
  m_RootOrder: 1
  m_LocalEulerAnglesHint: {x: 0, y: 0, z: 0}
--- !u!4 &4550924081070778
Transform:
  m_ObjectHideFlags: 1
  m_PrefabParentObject: {fileID: 0}
  m_PrefabInternal: {fileID: 100100000}
  m_GameObject: {fileID: 1367323282095834}
  m_LocalRotation: {x: -0, y: -0, z: -0, w: 1}
  m_LocalPosition: {x: 0, y: 0, z: 0}
  m_LocalScale: {x: 1, y: 1, z: 1}
  m_Children: []
  m_Father: {fileID: 4774851583283004}
  m_RootOrder: 0
  m_LocalEulerAnglesHint: {x: 0, y: 0, z: 0}
--- !u!4 &4774851583283004
Transform:
  m_ObjectHideFlags: 1
  m_PrefabParentObject: {fileID: 0}
  m_PrefabInternal: {fileID: 100100000}
  m_GameObject: {fileID: 1805276864909296}
  m_LocalRotation: {x: -0, y: -0, z: -0, w: 1}
  m_LocalPosition: {x: 0, y: 0, z: 0}
  m_LocalScale: {x: 1, y: 1, z: 1}
  m_Children:
  - {fileID: 4550924081070778}
  - {fileID: 4128835826023218}
  m_Father: {fileID: 0}
  m_RootOrder: 0
  m_LocalEulerAnglesHint: {x: 0, y: 0, z: 0}
--- !u!114 &114045564563648654
MonoBehaviour:
  m_ObjectHideFlags: 1
  m_PrefabParentObject: {fileID: 0}
  m_PrefabInternal: {fileID: 100100000}
  m_GameObject: {fileID: 1805276864909296}
  m_Enabled: 1
  m_EditorHideFlags: 0
  m_Script: {fileID: 11500000, guid: 52b30871d4a90ba40af8378ce0e0ac08, type: 3}
  m_Name: 
  m_EditorClassIdentifier: 
  FrameSource:
    link: {fileID: 0}
  SelectionSource:
    link: {fileID: 0}
  StyleSource:
    link: {fileID: 0}
  IgnoreSources: 0
--- !u!114 &114331797449094220
MonoBehaviour:
  m_ObjectHideFlags: 1
  m_PrefabParentObject: {fileID: 0}
  m_PrefabInternal: {fileID: 100100000}
  m_GameObject: {fileID: 1374180926137168}
  m_Enabled: 1
  m_EditorHideFlags: 0
  m_Script: {fileID: 11500000, guid: 325722bf83e58f6479622f2acf326dd6, type: 3}
  m_Name: 
  m_EditorClassIdentifier: 
  AutoRefresh: 0
  bondsShader: {fileID: 4800000, guid: de43824add3973440ae1cef8baec87d3, type: 3}
  Settings:
    IntParameters:
    - Name: Darken
      _value: 64
    - Name: PrismSides
      _value: 3
    FloatParameters:
    - Name: Radius
      _value: 0.04
    - Name: Blend Sharpness
      _value: 0.5
    BoolParameters:
    - Name: EndCaps
      _value: 0
    ColorParameters: []
    Darken:
      Name: Darken
      _value: 64
    PrismSides:
      Name: PrismSides
      _value: 3
    EndCaps:
      Name: EndCaps
      _value: 0
    Radius:
      Name: Radius
      _value: 0.04
    BlendSharpness:
      Name: Blend Sharpness
      _value: 0.5
--- !u!114 &114454089276090304
MonoBehaviour:
  m_ObjectHideFlags: 1
  m_PrefabParentObject: {fileID: 0}
  m_PrefabInternal: {fileID: 100100000}
  m_GameObject: {fileID: 1367323282095834}
  m_Enabled: 1
  m_EditorHideFlags: 0
  m_Script: {fileID: 11500000, guid: cc8b399d3f65e9440a9e72d37d854538, type: 3}
  m_Name: 
  m_EditorClassIdentifier: 
  AutoRefresh: 0
  vdwShader: {fileID: 4800000, guid: 5228e4718ee754c409123be01d993cd3, type: 3}
  vdwMaterial: {fileID: 0}
  Settings:
    IntParameters:
    - Name: Darken
      _value: 64
    - Name: MeshComplexity
      _value: 6
    FloatParameters:
    - Name: HemisphereCull
      _value: 0
    - Name: Scaling
      _value: 1
    BoolParameters:
    - Name: Spin
      _value: 0
    - Name: Hemispheres
      _value: 0
    ColorParameters: []
    Darken:
      Name: Darken
      _value: 64
    MeshComplexity:
      Name: MeshComplexity
      _value: 6
    Spin:
      Name: Spin
      _value: 0
    Hemispheres:
      Name: Hemispheres
      _value: 0
    HemisphereCull:
      Name: HemisphereCull
      _value: 0
    Scaling:
      Name: Scaling
      _value: 1
--- !u!114 &114915843660765932
MonoBehaviour:
  m_ObjectHideFlags: 1
  m_PrefabParentObject: {fileID: 0}
  m_PrefabInternal: {fileID: 100100000}
  m_GameObject: {fileID: 1805276864909296}
  m_Enabled: 1
  m_EditorHideFlags: 0
  m_Script: {fileID: 11500000, guid: 26279d3b04f36264eb95948707f18d06, type: 3}
  m_Name: 
  m_EditorClassIdentifier: 
  AutoRefresh: 1
  atoms: {fileID: 114454089276090304}
  bonds: {fileID: 114331797449094220}
  Settings:
    IntParameters:
    - Name: AtomMeshComplexity
      _value: 6
    - Name: BondPrismSides
      _value: 3
    FloatParameters:
    - Name: AtomHemisphereCull
      _value: 0
    - Name: AtomScaling
      _value: 0.333
    - Name: BondRadius
      _value: 0.04
    - Name: Bond Blending
      _value: 0.5
    BoolParameters:
    - Name: AtomSpin
      _value: 0
    - Name: AtomHemispheres
      _value: 0
    ColorParameters: []
    AtomMeshComplexity:
      Name: AtomMeshComplexity
      _value: 6
    AtomSpin:
      Name: AtomSpin
      _value: 0
    AtomHemispheres:
      Name: AtomHemispheres
      _value: 0
    AtomHemisphereCull:
      Name: AtomHemisphereCull
      _value: 0
    AtomScaling:
      Name: AtomScaling
      _value: 0.333
    BondPrismSides:
      Name: BondPrismSides
      _value: 3
    BondRadius:
      Name: BondRadius
      _value: 0.04
    BondSharpness:
      Name: Bond Blending
      _value: 0.5
