%YAML 1.1
%TAG !u! tag:unity3d.com,2011:
--- !u!241 &24100000
AudioMixerController:
  m_ObjectHideFlags: 0
  m_CorrespondingSourceObject: {fileID: 0}
  m_PrefabInternal: {fileID: 0}
  m_Name: buckyballMixer
  m_OutputGroup: {fileID: 0}
  m_MasterGroup: {fileID: 24300002}
  m_Snapshots:
  - {fileID: 245163042073092462}
  - {fileID: 24500006}
  m_StartSnapshot: {fileID: 245163042073092462}
  m_SuspendThreshold: -80
  m_EnableSuspend: 1
  m_UpdateMode: 0
  m_ExposedParameters: []
  m_AudioMixerGroupViews:
  - guids:
    - 82ec4508a629e49b1b4396d92c60695d
    - b31f534ea4d79a944ac538c28cfa9db2
    - 5ce84b9dd313cdb439d8d663a3631b4c
    - cded79697ae21414fa572773c7154cec
    - d0a162b5b11ebb649a754b2dc8dc0ffb
    name: View
  m_CurrentViewIndex: 0
  m_TargetSnapshot: {fileID: 24500006}
--- !u!243 &24300002
AudioMixerGroupController:
  m_ObjectHideFlags: 0
  m_CorrespondingSourceObject: {fileID: 0}
  m_PrefabInternal: {fileID: 0}
  m_Name: Master
  m_AudioMixer: {fileID: 24100000}
  m_GroupID: 82ec4508a629e49b1b4396d92c60695d
  m_Children:
  - {fileID: 243507839628834500}
  - {fileID: 243293434577322832}
  - {fileID: 243921538968579258}
  - {fileID: 243633547661205294}
  m_Volume: ba6d9eb28ff2c42c881df8d98e168588
  m_Pitch: 1e732a484af91434a9b204bc6d478b5b
  m_Effects:
  - {fileID: 24400004}
  - {fileID: 244899298503163512}
  - {fileID: 244364735238060010}
  - {fileID: 244857914784665878}
  m_UserColorIndex: 0
  m_Mute: 0
  m_Solo: 0
  m_BypassEffects: 0
--- !u!244 &24400004
AudioMixerEffectController:
  m_ObjectHideFlags: 3
  m_CorrespondingSourceObject: {fileID: 0}
  m_PrefabInternal: {fileID: 0}
  m_Name: 
  m_EffectID: 09fde5a7075984babb83f134a7a123e7
  m_EffectName: Attenuation
  m_MixLevel: a96b76f9c97604833bcb1f03f5112e84
  m_Parameters: []
  m_SendTarget: {fileID: 0}
  m_EnableWetMix: 0
  m_Bypass: 0
--- !u!245 &24500006
AudioMixerSnapshotController:
  m_ObjectHideFlags: 0
  m_CorrespondingSourceObject: {fileID: 0}
  m_PrefabInternal: {fileID: 0}
  m_Name: MasterOn
  m_AudioMixer: {fileID: 24100000}
  m_SnapshotID: aaea9255db53143b0869b1a52a03bca7
  m_FloatValues:
    85580510ad79fcb418602d193d979ace: -4073
    ff62bd3038b4bfb4e870ce4045ce1fc3: 0.752
    44536340de5044944b450ea4518b8757: 0.1
    7200944062e7b435595c5151caa094dc: 0.1
    b66b5c8090a8b304fa508da64e5b19ad: 500
    cab7f7a082de04473b10832a325d5c78: 0.44
    59b63ca0a06c72b4eb81ab59f4113f8a: -4379
    85a5e811b0f734a938bf51abd06b99c7: 0.16
    61e9f73182ca85b46970879b4eda58f8: 0.327
    01c70b51f236b4a40b99e62b40939c01: 550
    cc49ad71b820d2f4cb6168300b0c3259: 9681
    93e9bf7156533b14d9903bda48cdb984: 0.431
    b8d05be100206499e9bf531378777c71: 0.29
    de737cf1c7dd94dcf8928f2db0c295d1: 0.1
    af21eef132386470f96328ef660dedce: -80
    1da463225fe0049409159ff19287133d: 1
    00d2b732281cf36468cd5e3f35a3fb94: 22000
    095b10426d02d7f47852291a170c7de8: 0.61
    27e2d0625ac1d664c8d00c8e0749d039: 17.586798
    992b1572760934a3d8a6ed56043dcddf: 0
    21536972446aea548843b5eec3fe5ba8: 1
    3423c2928b9637941ac8c48bd249237c: 0
    ba6d9eb28ff2c42c881df8d98e168588: -0.086585395
    c75940c2597404bc18db72e2c02cbc5c: -80
    93f6b4e2c55984ab8840cef29073e169: 1
    d7fecee28c0e4da4f91470ec77958572: 0.951
    33242133924b24c668d672fc8df1d142: 15
    47e65e634ebf738409ce90219a670eff: 1.41
    a6768773fa1c74b00981e81312025734: -0.66
    c57bfc83d27fc44f39aa9cc952daf3c0: 50
    7e5c09a32da3944c89051e186a85033c: 0.36
    d3d57bb356b7dd4428537a30932ab0b9: 0
    ad8d7624e1ff9084f815d56c9bce7b00: 0.087
    41139e249ea8211469ada2e585cbb1df: 0
    8f726894939974f34ab561b2a710396b: 18
    0936e5b473f4e474598287c3fd74e974: 0.2
    2890f6b463d994beba13b6a61aa0566a: 0
    2cab51e43d5854990a7907258e91dec0: 59
    325698e4b8de9be41ac256f5b04d3776: 1.5
    e08f2135834323f419d7bd41badd7529: 116
    f516e145b4e826a4e9c103761822996a: 0
    ccaf909568c324665a110db78ddba439: 0.82
    76487c06e77cad841af1518b83941a66: 5018
    c97f285660ca1423696a9d8fe0eeaaeb: 4
    4b717e56e4a1145da8d9dc1cdba5dfb2: 1
    234f5666b813b9c449412eb42b8c27ef: 0.69
    4e06f676a5c0f41ea87ce4fbd5c0c7d4: 0
    3d8abce6e4e7a42429696b7dbd3094c4: 1490
    27ab51f63feb0434eb5aca5857388125: 0.132
    99d9b02778708406f9da1f77283988b0: 3
    b972d037e86f1492e888e47b2ca8f553: 10
    3373c947266e34f348433c072246ef86: 15
    36f60e57ab988b94abbdd4e7a2c79845: 1
    e16097c766d844a409593ad38f45054c: 2
    8c895bd72849a9e489f89254406d32a2: 0.206
    b71aaae7e74cf40878a8c74a4ac5a34d: 0.1
    46c66fe72b8d7634db75a7d0199fa329: 0.066
    655b5d58ad83c4996ba81a3aa2075b8e: 59
    306d19f88beda43e2929c493006df717: -69.21203
    bd54440924f8644f8b4f6e3e1517ce6a: 0.1
    d84c5089f34234f47a9dc397d59e2bf3: 251
    151dbd89e5c6946dbaa26891bd5655e0: 0.54
    627454c99839d214898ddadccc6b7968: 1
    9e854ff9517bf614fa1fbf5b0f95461a: 0.65
    8622d11abab964151b6d09afb77ddf47: 143
    8123731a9af4c4c4ea30bf5bc312b427: 0.23288241
    106fa61a686854388a52e9568163f9c7: 5
    9f60c71ace6794342b06c614497514f1: -80
    b1ae5f4a2130c4b0998ad42893fddfc0: 34
    fef69bbabcc388e45bacdaeeca5ea06e: 0.167
    5a27afca4e7e449bda02fea25bc0ae02: 0
    ada8a2eaeb847d543b0eada9fbb1c193: 0.071
    dedc400b09e0646b9ae312d6d64afaf3: 307
    0876301ba4d5a094880907e0334921d5: 154
    8570842ba837b0f4fab6faad60de3548: -7.8940816
    2de4213b530ec89489c21a65e949021f: 2
    a1c4c43b837514d69b153f7cb02b3618: 0
    8cc8bd3becabb486da654e772897ed5b: 0.1
    dae60a7b242c44748b706ea5e344a084: -80
    38697e8b875b8ad43824a83981080df4: 1.9
    c7f02dcb65bcb478f91d5880730cfc20: 2
    1396b5dba8ec76646a7869070133b74f: 1
    e5ac4b6c3354bd745a5180ac7b611731: 0
    528c8afce475f614b9d7bd7d67af5af7: 0
    80d5f50dc5e677c4c8d03c962e4ab677: 0.995
    1b528e0de0057471a986b7fe86299eb2: 289
    7cb95f0d59a774fc3b66aba4f493fd95: 0.1
    63bc6b5db188abd42991012d0fa0933a: 0.507
    4c56d38df7b31114b9d6bb20be5dbdff: 0.07
    6253b0edeeb923a4fab16abab5f5182b: -80
    581acd1e0fff94a83860b80c0d7789bd: -80
    89ab788e71b93494493fb021bc223c9b: 0
    89f2eb8eb6927428da5da2211eff4586: -80
    8d37849e1bc366f458362ee0109b7db1: 0.984
    f2bce8cea65ff74479806be15e2783ed: 0.118999995
    9da8f85fb4abc4f5cb4a76f2d98d1fd8: 0.1
    4ad28e6f5ff2f4f5b81003d3b9c3c007: 0.01
    fbdf169f2dd614d1ca660faf66edd31e: 47
    6046cacf86f19fc44b9e1850b8d9bb16: -9160
    8ec5fcdf3b5ffff4da4854c6028ebcd7: 0.107
    90ba2fff26a46024e9789236411b5931: 0.189
  m_TransitionOverrides: {}
--- !u!243 &243293434577322832
AudioMixerGroupController:
  m_ObjectHideFlags: 0
  m_CorrespondingSourceObject: {fileID: 0}
  m_PrefabInternal: {fileID: 0}
  m_Name: ForceInteraction
  m_AudioMixer: {fileID: 24100000}
  m_GroupID: 5ce84b9dd313cdb439d8d663a3631b4c
  m_Children: []
  m_Volume: 8123731a9af4c4c4ea30bf5bc312b427
  m_Pitch: 11f8760d32f091e4fa49a53e8c0cf651
  m_Effects:
  - {fileID: 244033647748817628}
  m_UserColorIndex: 0
  m_Mute: 0
  m_Solo: 0
  m_BypassEffects: 0
--- !u!243 &243507839628834500
AudioMixerGroupController:
  m_ObjectHideFlags: 0
  m_CorrespondingSourceObject: {fileID: 0}
  m_PrefabInternal: {fileID: 0}
  m_Name: Energy
  m_AudioMixer: {fileID: 24100000}
  m_GroupID: b31f534ea4d79a944ac538c28cfa9db2
  m_Children: []
  m_Volume: 8570842ba837b0f4fab6faad60de3548
  m_Pitch: 629822f11d4564d4b84a48270f611f31
  m_Effects:
  - {fileID: 244960127212555374}
  m_UserColorIndex: 0
  m_Mute: 0
  m_Solo: 0
  m_BypassEffects: 0
--- !u!243 &243633547661205294
AudioMixerGroupController:
  m_ObjectHideFlags: 0
  m_CorrespondingSourceObject: {fileID: 0}
  m_PrefabInternal: {fileID: 0}
  m_Name: StringModel
  m_AudioMixer: {fileID: 24100000}
  m_GroupID: d0a162b5b11ebb649a754b2dc8dc0ffb
  m_Children: []
  m_Volume: 27e2d0625ac1d664c8d00c8e0749d039
  m_Pitch: 31c55690fab9b2145a48075c47446a63
  m_Effects:
  - {fileID: 244015364242390454}
  m_UserColorIndex: 0
  m_Mute: 1
  m_Solo: 0
  m_BypassEffects: 0
--- !u!243 &243921538968579258
AudioMixerGroupController:
  m_ObjectHideFlags: 0
  m_CorrespondingSourceObject: {fileID: 0}
  m_PrefabInternal: {fileID: 0}
  m_Name: SelectionSounds
  m_AudioMixer: {fileID: 24100000}
  m_GroupID: cded79697ae21414fa572773c7154cec
  m_Children: []
  m_Volume: b45a79e0e2e0f9040a08cd8ba956e989
  m_Pitch: e411cf79e0846484fadf2d014926d98a
  m_Effects:
  - {fileID: 244246317921835528}
  m_UserColorIndex: 0
  m_Mute: 1
  m_Solo: 0
  m_BypassEffects: 0
--- !u!244 &244015364242390454
AudioMixerEffectController:
  m_ObjectHideFlags: 3
  m_CorrespondingSourceObject: {fileID: 0}
  m_PrefabInternal: {fileID: 0}
  m_Name: 
  m_EffectID: a08ad78ed4d18e04589c48acbccf4e2a
  m_EffectName: Attenuation
  m_MixLevel: cad8f03ff2e4cea4eb792757848abe18
  m_Parameters: []
  m_SendTarget: {fileID: 0}
  m_EnableWetMix: 0
  m_Bypass: 0
--- !u!244 &244033647748817628
AudioMixerEffectController:
  m_ObjectHideFlags: 3
  m_CorrespondingSourceObject: {fileID: 0}
  m_PrefabInternal: {fileID: 0}
  m_Name: 
  m_EffectID: ba8b510731a1a2042b03296a4d9b0190
  m_EffectName: Attenuation
  m_MixLevel: f26b8ee834630b343b05d207b54f0f31
  m_Parameters: []
  m_SendTarget: {fileID: 0}
  m_EnableWetMix: 0
  m_Bypass: 0
--- !u!244 &244246317921835528
AudioMixerEffectController:
  m_ObjectHideFlags: 3
  m_CorrespondingSourceObject: {fileID: 0}
  m_PrefabInternal: {fileID: 0}
  m_Name: 
  m_EffectID: d2330012353b6914db4e468845766639
  m_EffectName: Attenuation
  m_MixLevel: 3bdad2a23f90586418311dd1ac096fbb
  m_Parameters: []
  m_SendTarget: {fileID: 0}
  m_EnableWetMix: 0
  m_Bypass: 0
--- !u!244 &244364735238060010
AudioMixerEffectController:
  m_ObjectHideFlags: 3
  m_CorrespondingSourceObject: {fileID: 0}
  m_PrefabInternal: {fileID: 0}
  m_Name: 
  m_EffectID: faa0c82b0caa7894f9a7a23b6120eede
  m_EffectName: ParamEQ
  m_MixLevel: 6dd4420ac2f873b419c90cb29ac82f2e
  m_Parameters:
  - m_ParameterName: Center freq
    m_GUID: b66b5c8090a8b304fa508da64e5b19ad
  - m_ParameterName: Octave range
    m_GUID: 325698e4b8de9be41ac256f5b04d3776
  - m_ParameterName: Frequency gain
    m_GUID: 47e65e634ebf738409ce90219a670eff
  m_SendTarget: {fileID: 0}
  m_EnableWetMix: 0
  m_Bypass: 0
--- !u!244 &244857914784665878
AudioMixerEffectController:
  m_ObjectHideFlags: 3
  m_CorrespondingSourceObject: {fileID: 0}
  m_PrefabInternal: {fileID: 0}
  m_Name: 
  m_EffectID: 78b77e84fac25534f9009ceb1ca77daa
  m_EffectName: Lowpass
  m_MixLevel: f6c298c05422c034fb9ff1c59d5d61f3
  m_Parameters:
  - m_ParameterName: Cutoff freq
    m_GUID: 00d2b732281cf36468cd5e3f35a3fb94
  - m_ParameterName: Resonance
    m_GUID: f42f2ee401d1c454895e840a193149a2
  m_SendTarget: {fileID: 0}
  m_EnableWetMix: 0
  m_Bypass: 0
--- !u!244 &244899298503163512
AudioMixerEffectController:
  m_ObjectHideFlags: 3
  m_CorrespondingSourceObject: {fileID: 0}
  m_PrefabInternal: {fileID: 0}
  m_Name: 
  m_EffectID: 5a1af66a96b58ad46b0d3f54d79d793a
  m_EffectName: Echo
  m_MixLevel: 497ec890e0ba15545b6fe26ae7d8a9f8
  m_Parameters:
  - m_ParameterName: Delay
    m_GUID: d84c5089f34234f47a9dc397d59e2bf3
  - m_ParameterName: Decay
    m_GUID: f2bce8cea65ff74479806be15e2783ed
  - m_ParameterName: Max channels
    m_GUID: e16097c766d844a409593ad38f45054c
  - m_ParameterName: Drymix
    m_GUID: 1396b5dba8ec76646a7869070133b74f
  - m_ParameterName: Wetmix
    m_GUID: 8c895bd72849a9e489f89254406d32a2
  m_SendTarget: {fileID: 0}
  m_EnableWetMix: 0
  m_Bypass: 0
--- !u!244 &244960127212555374
AudioMixerEffectController:
  m_ObjectHideFlags: 3
  m_CorrespondingSourceObject: {fileID: 0}
  m_PrefabInternal: {fileID: 0}
  m_Name: 
  m_EffectID: 0c3de12a544bc124e810bdfd9948a3bc
  m_EffectName: Attenuation
  m_MixLevel: 89cc4aae7d300bb49b605507d0e0c8fc
  m_Parameters: []
  m_SendTarget: {fileID: 0}
  m_EnableWetMix: 0
  m_Bypass: 0
--- !u!245 &245163042073092462
AudioMixerSnapshotController:
  m_ObjectHideFlags: 0
  m_CorrespondingSourceObject: {fileID: 0}
  m_PrefabInternal: {fileID: 0}
  m_Name: MasterOff
  m_AudioMixer: {fileID: 24100000}
  m_SnapshotID: 8f6be71fde3ad06409f3812fee9658d8
  m_FloatValues:
    85580510ad79fcb418602d193d979ace: -4073
    ff62bd3038b4bfb4e870ce4045ce1fc3: 0.752
    44536340de5044944b450ea4518b8757: 0.1
    7200944062e7b435595c5151caa094dc: 0.1
    b66b5c8090a8b304fa508da64e5b19ad: 500
    cab7f7a082de04473b10832a325d5c78: 0.44
    59b63ca0a06c72b4eb81ab59f4113f8a: -4379
    85a5e811b0f734a938bf51abd06b99c7: 0.16
    61e9f73182ca85b46970879b4eda58f8: 0.327
    01c70b51f236b4a40b99e62b40939c01: 550
    cc49ad71b820d2f4cb6168300b0c3259: 9681
    93e9bf7156533b14d9903bda48cdb984: 0.431
    b8d05be100206499e9bf531378777c71: 0.29
    de737cf1c7dd94dcf8928f2db0c295d1: 0.1
    af21eef132386470f96328ef660dedce: -80
    1da463225fe0049409159ff19287133d: 1
    00d2b732281cf36468cd5e3f35a3fb94: 30
    095b10426d02d7f47852291a170c7de8: 0.61
    27e2d0625ac1d664c8d00c8e0749d039: -0.08374856
    992b1572760934a3d8a6ed56043dcddf: 0
    21536972446aea548843b5eec3fe5ba8: 1
    3423c2928b9637941ac8c48bd249237c: 0
    ba6d9eb28ff2c42c881df8d98e168588: -80
    c75940c2597404bc18db72e2c02cbc5c: -80
    93f6b4e2c55984ab8840cef29073e169: 1
    d7fecee28c0e4da4f91470ec77958572: 0.951
    33242133924b24c668d672fc8df1d142: 15
    47e65e634ebf738409ce90219a670eff: 1.41
    a6768773fa1c74b00981e81312025734: -0.66
    c57bfc83d27fc44f39aa9cc952daf3c0: 50
    7e5c09a32da3944c89051e186a85033c: 0.36
    d3d57bb356b7dd4428537a30932ab0b9: 0
    ad8d7624e1ff9084f815d56c9bce7b00: 0.087
    41139e249ea8211469ada2e585cbb1df: 0
    8f726894939974f34ab561b2a710396b: 18
    0936e5b473f4e474598287c3fd74e974: 0.2
    2890f6b463d994beba13b6a61aa0566a: 0
    2cab51e43d5854990a7907258e91dec0: 59
    325698e4b8de9be41ac256f5b04d3776: 1.5
    e08f2135834323f419d7bd41badd7529: 116
    f516e145b4e826a4e9c103761822996a: 0
    ccaf909568c324665a110db78ddba439: 0.82
    76487c06e77cad841af1518b83941a66: 5018
    c97f285660ca1423696a9d8fe0eeaaeb: 4
    4b717e56e4a1145da8d9dc1cdba5dfb2: 1
    234f5666b813b9c449412eb42b8c27ef: 0.69
    4e06f676a5c0f41ea87ce4fbd5c0c7d4: 0
    3d8abce6e4e7a42429696b7dbd3094c4: 1490
    27ab51f63feb0434eb5aca5857388125: 0.132
    99d9b02778708406f9da1f77283988b0: 3
    b972d037e86f1492e888e47b2ca8f553: 10
    3373c947266e34f348433c072246ef86: 15
    36f60e57ab988b94abbdd4e7a2c79845: 1
    e16097c766d844a409593ad38f45054c: 2
    8c895bd72849a9e489f89254406d32a2: 0.206
    b71aaae7e74cf40878a8c74a4ac5a34d: 0.1
    46c66fe72b8d7634db75a7d0199fa329: 0.066
    655b5d58ad83c4996ba81a3aa2075b8e: 59
    306d19f88beda43e2929c493006df717: -69.21203
    bd54440924f8644f8b4f6e3e1517ce6a: 0.1
    d84c5089f34234f47a9dc397d59e2bf3: 251
    151dbd89e5c6946dbaa26891bd5655e0: 0.54
    627454c99839d214898ddadccc6b7968: 1
    9e854ff9517bf614fa1fbf5b0f95461a: 0.65
    8622d11abab964151b6d09afb77ddf47: 143
    8123731a9af4c4c4ea30bf5bc312b427: 0.23288241
    106fa61a686854388a52e9568163f9c7: 5
    9f60c71ace6794342b06c614497514f1: -80
    b1ae5f4a2130c4b0998ad42893fddfc0: 34
    fef69bbabcc388e45bacdaeeca5ea06e: 0.167
    5a27afca4e7e449bda02fea25bc0ae02: 0
    ada8a2eaeb847d543b0eada9fbb1c193: 0.071
    dedc400b09e0646b9ae312d6d64afaf3: 307
    0876301ba4d5a094880907e0334921d5: 154
    8570842ba837b0f4fab6faad60de3548: -9.833286
    2de4213b530ec89489c21a65e949021f: 2
    a1c4c43b837514d69b153f7cb02b3618: 0
    8cc8bd3becabb486da654e772897ed5b: 0.1
    dae60a7b242c44748b706ea5e344a084: -80
    38697e8b875b8ad43824a83981080df4: 1.9
    c7f02dcb65bcb478f91d5880730cfc20: 2
    1396b5dba8ec76646a7869070133b74f: 1
    e5ac4b6c3354bd745a5180ac7b611731: 0
    528c8afce475f614b9d7bd7d67af5af7: 0
    80d5f50dc5e677c4c8d03c962e4ab677: 0.995
    1b528e0de0057471a986b7fe86299eb2: 289
    7cb95f0d59a774fc3b66aba4f493fd95: 0.1
    63bc6b5db188abd42991012d0fa0933a: 0.507
    4c56d38df7b31114b9d6bb20be5dbdff: 0.07
    6253b0edeeb923a4fab16abab5f5182b: -80
    581acd1e0fff94a83860b80c0d7789bd: -80
    89ab788e71b93494493fb021bc223c9b: 0
    89f2eb8eb6927428da5da2211eff4586: -80
    8d37849e1bc366f458362ee0109b7db1: 0.984
    f2bce8cea65ff74479806be15e2783ed: 0.118999995
    9da8f85fb4abc4f5cb4a76f2d98d1fd8: 0.1
    4ad28e6f5ff2f4f5b81003d3b9c3c007: 0.01
    fbdf169f2dd614d1ca660faf66edd31e: 47
    6046cacf86f19fc44b9e1850b8d9bb16: -9160
    8ec5fcdf3b5ffff4da4854c6028ebcd7: 0.107
    90ba2fff26a46024e9789236411b5931: 0.189
  m_TransitionOverrides: {}
